@article{Thoma_2020, title={Water balance as an indicator of natural resource condition: Case studies from Great Sand Dunes National Park and Preserve}, volume={24}, ISSN={2351-9894}, url={http://dx.doi.org/10.1016/j.gecco.2020.e01300}, DOI={10.1016/j.gecco.2020.e01300}, journal={Global Ecology and Conservation}, publisher={Elsevier BV}, author={Thoma, David P. and Tercek, Michael T. and Schweiger, E. William and Munson, Seth M. and Gross, John E. and Olliff, S. Tom}, year={2020}, month=dec, pages={e01300} }

@article{Lutz_2010, title={Climatic water deficit, tree species ranges, and climate change in Yosemite National Park}, volume={37}, ISSN={1365-2699}, url={http://dx.doi.org/10.1111/j.1365-2699.2009.02268.x}, DOI={10.1111/j.1365-2699.2009.02268.x}, number={5}, journal={Journal of Biogeography}, publisher={Wiley}, author={Lutz, James A. and van Wagtendonk, Jan W. and Franklin, Jerry F.}, year={2010}, month=apr, pages={936–950} }

@article{Thornthwaite_1948, title={An Approach toward a Rational Classification of Climate}, volume={38}, ISSN={0016-7428}, url={http://dx.doi.org/10.2307/210739}, DOI={10.2307/210739}, number={1}, journal={Geographical Review}, publisher={JSTOR}, author={Thornthwaite, C. W.}, year={1948}, month=jan, pages={55} }

@inbook{Campbell_1998, title={Introduction}, ISBN={9781461216261}, url={http://dx.doi.org/10.1007/978-1-4612-1626-1_1}, DOI={10.1007/978-1-4612-1626-1_1}, booktitle={An Introduction to Environmental Biophysics}, publisher={Springer New York}, author={Campbell, Gaylon S. and Norman, John M.}, year={1998}, pages={1–13} }
